<record><leader>00000cas a22000007a 4500</leader><controlfield tag="001">10462475</controlfield><controlfield tag="008">840227u1976uuuuwiuwr ne      0   a0eng d</controlfield><datafield ind1=" " ind2=" " tag="010"><subfield code="a">sn 84025851 </subfield></datafield><datafield ind1=" " ind2=" " tag="040"><subfield code="a">NPV</subfield><subfield code="b">eng</subfield><subfield code="c">NPV</subfield><subfield code="d">OCL</subfield><subfield code="d">OCLCQ</subfield><subfield code="d">OCLCF</subfield><subfield code="d">OCLCO</subfield></datafield><datafield ind1=" " ind2=" " tag="042"><subfield code="a">msc</subfield></datafield><datafield ind1=" " ind2=" " tag="043"><subfield code="a">n-us-wi</subfield></datafield><datafield ind1=" " ind2=" " tag="045"><subfield code="a">x7--</subfield></datafield><datafield ind1=" " ind2=" " tag="052"><subfield code="a">4123</subfield><subfield code="b">R2</subfield></datafield><datafield ind1="0" ind2=" " tag="130"><subfield code="a">Racine courier (Racine, Wis. : 1976)</subfield></datafield><datafield ind1="1" ind2="4" tag="245"><subfield code="a">The Racine courier.</subfield></datafield><datafield ind1=" " ind2=" " tag="260"><subfield code="a">Milwaukee, Wis. :</subfield><subfield code="b">Courier Communications Corp.,</subfield><subfield code="c">1976-</subfield></datafield><datafield ind1=" " ind2=" " tag="300"><subfield code="a">v. :</subfield><subfield code="b">ill. ;</subfield><subfield code="c">42 cm.</subfield></datafield><datafield ind1=" " ind2=" " tag="310"><subfield code="a">Weekly</subfield></datafield><datafield ind1="0" ind2=" " tag="362"><subfield code="a">Vol. 6, no. 42 (Oct. 16, 1976)-</subfield></datafield><datafield ind1=" " ind2=" " tag="500"><subfield code="a">"A division of the Racine Star Times, Inc."</subfield></datafield><datafield ind1=" " ind2=" " tag="521"><subfield code="a">"Racine's Black-owned, Black-operated weekly newspaper."</subfield></datafield><datafield ind1=" " ind2=" " tag="525"><subfield code="a">Issues for Aug. 6, Sept. 10, Oct. 8, Dec. 10, 1977 accompanied by supplement with title Stepp'n' Out.</subfield></datafield><datafield ind1=" " ind2="0" tag="650"><subfield code="a">African Americans</subfield><subfield code="z">Wisconsin</subfield><subfield code="z">Racine.</subfield></datafield><datafield ind1=" " ind2="7" tag="650"><subfield code="a">African Americans.</subfield><subfield code="2">fast</subfield><subfield code="0">(OCoLC)fst00799558</subfield></datafield><datafield ind1=" " ind2="7" tag="651"><subfield code="a">Wisconsin</subfield><subfield code="z">Racine.</subfield><subfield code="2">fast</subfield><subfield code="0">(OCoLC)fst01205021</subfield></datafield><datafield ind1=" " ind2=" " tag="752"><subfield code="a">United States</subfield><subfield code="b">Wisconsin</subfield><subfield code="c">Racine</subfield><subfield code="d">Racine.</subfield></datafield><datafield ind1="1" ind2=" " tag="770"><subfield code="t">Stepp'n' out</subfield><subfield code="w">(OCoLC)4208999</subfield></datafield><datafield ind1="0" ind2="0" tag="780"><subfield code="t">Racine star times</subfield><subfield code="w">(DLC)sn 84025850</subfield></datafield></record>